<?xml version="1.0" encoding="utf-8" ?>
<gnc-v2
     xmlns:gnc="http://www.gnucash.org/XML/gnc"
     xmlns:act="http://www.gnucash.org/XML/act"
     xmlns:book="http://www.gnucash.org/XML/book"
     xmlns:cd="http://www.gnucash.org/XML/cd"
     xmlns:cmdty="http://www.gnucash.org/XML/cmdty"
     xmlns:price="http://www.gnucash.org/XML/price"
     xmlns:slot="http://www.gnucash.org/XML/slot"
     xmlns:split="http://www.gnucash.org/XML/split"
     xmlns:sx="http://www.gnucash.org/XML/sx"
     xmlns:trn="http://www.gnucash.org/XML/trn"
     xmlns:ts="http://www.gnucash.org/XML/ts"
     xmlns:fs="http://www.gnucash.org/XML/fs"
     xmlns:bgt="http://www.gnucash.org/XML/bgt"
     xmlns:recurrence="http://www.gnucash.org/XML/recurrence"
     xmlns:lot="http://www.gnucash.org/XML/lot"
     xmlns:cust="http://www.gnucash.org/XML/cust"
     xmlns:job="http://www.gnucash.org/XML/job"
     xmlns:addr="http://www.gnucash.org/XML/addr"
     xmlns:owner="http://www.gnucash.org/XML/owner"
     xmlns:taxtable="http://www.gnucash.org/XML/taxtable"
     xmlns:tte="http://www.gnucash.org/XML/tte"
     xmlns:employee="http://www.gnucash.org/XML/employee"
     xmlns:order="http://www.gnucash.org/XML/order"
     xmlns:billterm="http://www.gnucash.org/XML/billterm"
     xmlns:bt-days="http://www.gnucash.org/XML/bt-days"
     xmlns:bt-prox="http://www.gnucash.org/XML/bt-prox"
     xmlns:invoice="http://www.gnucash.org/XML/invoice"
     xmlns:entry="http://www.gnucash.org/XML/entry"
     xmlns:vendor="http://www.gnucash.org/XML/vendor">
<gnc:count-data cd:type="book">1</gnc:count-data>
<gnc:book version="2.0.0">
<book:id type="guid">1b7fb4c3503a468e4778b0cf81dd1900</book:id>
<gnc:count-data cd:type="commodity">1</gnc:count-data>
<gnc:count-data cd:type="account">68</gnc:count-data>
<gnc:count-data cd:type="transaction">7</gnc:count-data>
<gnc:count-data cd:type="schedxaction">2</gnc:count-data>
<gnc:commodity version="2.0.0">
  <cmdty:space>AMEX</cmdty:space>
  <cmdty:id>TEST</cmdty:id>
  <cmdty:name>TEST</cmdty:name>
  <cmdty:xcode>TEST</cmdty:xcode>
  <cmdty:fraction>10000</cmdty:fraction>
</gnc:commodity>
<gnc:commodity version="2.0.0">
  <cmdty:space>ISO4217</cmdty:space>
  <cmdty:id>EUR</cmdty:id>
  <cmdty:get_quotes/>
  <cmdty:quote_source>currency</cmdty:quote_source>
  <cmdty:quote_tz/>
</gnc:commodity>
<gnc:commodity version="2.0.0">
  <cmdty:space>ISO4217</cmdty:space>
  <cmdty:id>GBP</cmdty:id>
  <cmdty:get_quotes/>
  <cmdty:quote_source>currency</cmdty:quote_source>
  <cmdty:quote_tz/>
</gnc:commodity>
<gnc:pricedb version="1">
  <price>
    <price:id type="guid">cd3f694034d2ab335bd22240132ed827</price:id>
    <price:commodity>
      <cmdty:space>ISO4217</cmdty:space>
      <cmdty:id>GBP</cmdty:id>
    </price:commodity>
    <price:currency>
      <cmdty:space>ISO4217</cmdty:space>
      <cmdty:id>EUR</cmdty:id>
    </price:currency>
    <price:time>
      <ts:date>2008-12-01 00:00:00 +0100</ts:date>
    </price:time>
    <price:source>user:price-editor</price:source>
    <price:type>last</price:type>
    <price:value>1500000/1000000</price:value>
  </price>
</gnc:pricedb>
<gnc:account version="2.0.0">
  <act:name>Root Account</act:name>
  <act:id type="guid">2b587216e3e57bcd203bc67405fb59b8</act:id>
  <act:type>ROOT</act:type>
  <act:commodity-scu>0</act:commodity-scu>
</gnc:account>
<gnc:account version="2.0.0">
  <act:name>Aktiva</act:name>
  <act:id type="guid">cf44829e93b95f51c9a49d075c0b822d</act:id>
  <act:type>ASSET</act:type>
  <act:commodity>
    <cmdty:space>ISO4217</cmdty:space>
    <cmdty:id>EUR</cmdty:id>
  </act:commodity>
  <act:commodity-scu>100</act:commodity-scu>
  <act:description>Aktiva</act:description>
  <act:slots>
    <slot>
      <slot:key>placeholder</slot:key>
      <slot:value type="string">true</slot:value>
    </slot>
  </act:slots>
  <act:parent type="guid">2b587216e3e57bcd203bc67405fb59b8</act:parent>
</gnc:account>
<gnc:account version="2.0.0">
  <act:name>Barvermögen</act:name>
  <act:id type="guid">b9cfa02c8ee9e90430f118386d614d24</act:id>
  <act:type>ASSET</act:type>
  <act:commodity>
    <cmdty:space>ISO4217</cmdty:space>
    <cmdty:id>EUR</cmdty:id>
  </act:commodity>
  <act:commodity-scu>100</act:commodity-scu>
  <act:description>Barvermögen</act:description>
  <act:slots>
    <slot>
      <slot:key>placeholder</slot:key>
      <slot:value type="string">true</slot:value>
    </slot>
  </act:slots>
  <act:parent type="guid">cf44829e93b95f51c9a49d075c0b822d</act:parent>
</gnc:account>
<gnc:account version="2.0.0">
  <act:name>Girokonto</act:name>
  <act:id type="guid">1d7802bbaceb9e73fab0bfe487ff102c</act:id>
  <act:type>BANK</act:type>
  <act:commodity>
    <cmdty:space>ISO4217</cmdty:space>
    <cmdty:id>EUR</cmdty:id>
  </act:commodity>
  <act:commodity-scu>100</act:commodity-scu>
  <act:description>Girokonto</act:description>
  <act:parent type="guid">b9cfa02c8ee9e90430f118386d614d24</act:parent>
</gnc:account>
<gnc:account version="2.0.0">
  <act:name>Sparkonto</act:name>
  <act:id type="guid">a3a942b4d71613843f9edd869e658e3d</act:id>
  <act:type>BANK</act:type>
  <act:commodity>
    <cmdty:space>ISO4217</cmdty:space>
    <cmdty:id>EUR</cmdty:id>
  </act:commodity>
  <act:commodity-scu>100</act:commodity-scu>
  <act:description>Sparkonto</act:description>
  <act:parent type="guid">b9cfa02c8ee9e90430f118386d614d24</act:parent>
</gnc:account>
<gnc:account version="2.0.0">
  <act:name>Bargeld</act:name>
  <act:id type="guid">d154dfe00c75efd923bf49af2c5e53e9</act:id>
  <act:type>CASH</act:type>
  <act:commodity>
    <cmdty:space>ISO4217</cmdty:space>
    <cmdty:id>EUR</cmdty:id>
  </act:commodity>
  <act:commodity-scu>100</act:commodity-scu>
  <act:description>Bargeld</act:description>
  <act:parent type="guid">b9cfa02c8ee9e90430f118386d614d24</act:parent>
</gnc:account>
<gnc:account version="2.0.0">
  <act:name>Bargeld_GBP</act:name>
  <act:id type="guid">cf41953674eb5bda0e1d9cb9038727ca</act:id>
  <act:type>CASH</act:type>
  <act:commodity>
    <cmdty:space>ISO4217</cmdty:space>
    <cmdty:id>GBP</cmdty:id>
  </act:commodity>
  <act:commodity-scu>100</act:commodity-scu>
  <act:parent type="guid">d154dfe00c75efd923bf49af2c5e53e9</act:parent>
</gnc:account>
<gnc:account version="2.0.0">
  <act:name>TEST</act:name>
  <act:id type="guid">173dfd0038e1b5b01591d0d51f88e08f</act:id>
  <act:type>MUTUAL</act:type>
  <act:commodity>
    <cmdty:space>AMEX</cmdty:space>
    <cmdty:id>TEST</cmdty:id>
  </act:commodity>
  <act:commodity-scu>10000</act:commodity-scu>
  <act:code>TEST</act:code>
  <act:parent type="guid">b9cfa02c8ee9e90430f118386d614d24</act:parent>
</gnc:account>
<gnc:account version="2.0.0">
  <act:name>Passiva</act:name>
  <act:id type="guid">5a9c80f4632a9de8a417dc93b80231c0</act:id>
  <act:type>LIABILITY</act:type>
  <act:commodity>
    <cmdty:space>ISO4217</cmdty:space>
    <cmdty:id>EUR</cmdty:id>
  </act:commodity>
  <act:commodity-scu>100</act:commodity-scu>
  <act:description>Passiva</act:description>
  <act:slots>
    <slot>
      <slot:key>placeholder</slot:key>
      <slot:value type="string">true</slot:value>
    </slot>
  </act:slots>
  <act:parent type="guid">2b587216e3e57bcd203bc67405fb59b8</act:parent>
</gnc:account>
<gnc:account version="2.0.0">
  <act:name>Barverbindlichkeiten</act:name>
  <act:id type="guid">f964ca717fcafacfdd70342cd029f02f</act:id>
  <act:type>LIABILITY</act:type>
  <act:commodity>
    <cmdty:space>ISO4217</cmdty:space>
    <cmdty:id>EUR</cmdty:id>
  </act:commodity>
  <act:commodity-scu>100</act:commodity-scu>
  <act:description>Barverbindlichkeiten (noch offenstehende Rechnungen)</act:description>
  <act:slots>
    <slot>
      <slot:key>placeholder</slot:key>
      <slot:value type="string">true</slot:value>
    </slot>
  </act:slots>
  <act:parent type="guid">5a9c80f4632a9de8a417dc93b80231c0</act:parent>
</gnc:account>
<gnc:account version="2.0.0">
  <act:name>Kreditkarte</act:name>
  <act:id type="guid">a16989bf52f75add46daa6ab02c4df1a</act:id>
  <act:type>CREDIT</act:type>
  <act:commodity>
    <cmdty:space>ISO4217</cmdty:space>
    <cmdty:id>EUR</cmdty:id>
  </act:commodity>
  <act:commodity-scu>100</act:commodity-scu>
  <act:description>Kreditkarte</act:description>
  <act:parent type="guid">f964ca717fcafacfdd70342cd029f02f</act:parent>
</gnc:account>
<gnc:account version="2.0.0">
  <act:name>Erträge</act:name>
  <act:id type="guid">904d414a070a231035bf0c5102ae5dfd</act:id>
  <act:type>INCOME</act:type>
  <act:commodity>
    <cmdty:space>ISO4217</cmdty:space>
    <cmdty:id>EUR</cmdty:id>
  </act:commodity>
  <act:commodity-scu>100</act:commodity-scu>
  <act:description>Erträge</act:description>
  <act:slots>
    <slot>
      <slot:key>placeholder</slot:key>
      <slot:value type="string">true</slot:value>
    </slot>
  </act:slots>
  <act:parent type="guid">2b587216e3e57bcd203bc67405fb59b8</act:parent>
</gnc:account>
<gnc:account version="2.0.0">
  <act:name>Gehalt</act:name>
  <act:id type="guid">09ce34ee6b74b173605f91b0f422e2c4</act:id>
  <act:type>INCOME</act:type>
  <act:commodity>
    <cmdty:space>ISO4217</cmdty:space>
    <cmdty:id>EUR</cmdty:id>
  </act:commodity>
  <act:commodity-scu>100</act:commodity-scu>
  <act:description>Gehalt und Zulagen</act:description>
  <act:slots>
    <slot>
      <slot:key>placeholder</slot:key>
      <slot:value type="string">true</slot:value>
    </slot>
  </act:slots>
  <act:parent type="guid">904d414a070a231035bf0c5102ae5dfd</act:parent>
</gnc:account>
<gnc:account version="2.0.0">
  <act:name>Gehalt</act:name>
  <act:id type="guid">43e3b6cbf98d5f53215b20e09694c9e8</act:id>
  <act:type>INCOME</act:type>
  <act:commodity>
    <cmdty:space>ISO4217</cmdty:space>
    <cmdty:id>EUR</cmdty:id>
  </act:commodity>
  <act:commodity-scu>100</act:commodity-scu>
  <act:description>Gehalt</act:description>
  <act:parent type="guid">09ce34ee6b74b173605f91b0f422e2c4</act:parent>
</gnc:account>
<gnc:account version="2.0.0">
  <act:name>Zulagen</act:name>
  <act:id type="guid">f9c3b6c2393f7f5d235a3fb4b9b0b748</act:id>
  <act:type>INCOME</act:type>
  <act:commodity>
    <cmdty:space>ISO4217</cmdty:space>
    <cmdty:id>EUR</cmdty:id>
  </act:commodity>
  <act:commodity-scu>100</act:commodity-scu>
  <act:description>Zulagen und Bonus zum Gehalt</act:description>
  <act:parent type="guid">09ce34ee6b74b173605f91b0f422e2c4</act:parent>
</gnc:account>
<gnc:account version="2.0.0">
  <act:name>Geschenke</act:name>
  <act:id type="guid">67701f9211f2501ec3764afa6350f505</act:id>
  <act:type>INCOME</act:type>
  <act:commodity>
    <cmdty:space>ISO4217</cmdty:space>
    <cmdty:id>EUR</cmdty:id>
  </act:commodity>
  <act:commodity-scu>100</act:commodity-scu>
  <act:description>Empfangene Geschenke</act:description>
  <act:parent type="guid">904d414a070a231035bf0c5102ae5dfd</act:parent>
</gnc:account>
<gnc:account version="2.0.0">
  <act:name>Sonstiges</act:name>
  <act:id type="guid">e33769fb8031e34562c90572e64eb454</act:id>
  <act:type>INCOME</act:type>
  <act:commodity>
    <cmdty:space>ISO4217</cmdty:space>
    <cmdty:id>EUR</cmdty:id>
  </act:commodity>
  <act:commodity-scu>100</act:commodity-scu>
  <act:description>Sonstige Erträge</act:description>
  <act:parent type="guid">904d414a070a231035bf0c5102ae5dfd</act:parent>
</gnc:account>
<gnc:account version="2.0.0">
  <act:name>Zinsen</act:name>
  <act:id type="guid">055da3aafa91c31f3c3eeaa511a1cb64</act:id>
  <act:type>INCOME</act:type>
  <act:commodity>
    <cmdty:space>ISO4217</cmdty:space>
    <cmdty:id>EUR</cmdty:id>
  </act:commodity>
  <act:commodity-scu>100</act:commodity-scu>
  <act:description>Zinseinkommen</act:description>
  <act:slots>
    <slot>
      <slot:key>placeholder</slot:key>
      <slot:value type="string">true</slot:value>
    </slot>
  </act:slots>
  <act:parent type="guid">904d414a070a231035bf0c5102ae5dfd</act:parent>
</gnc:account>
<gnc:account version="2.0.0">
  <act:name>Girokonto</act:name>
  <act:id type="guid">f16686e6ad89374866203233ae7c6760</act:id>
  <act:type>INCOME</act:type>
  <act:commodity>
    <cmdty:space>ISO4217</cmdty:space>
    <cmdty:id>EUR</cmdty:id>
  </act:commodity>
  <act:commodity-scu>100</act:commodity-scu>
  <act:description>Girokonto Zinsen</act:description>
  <act:parent type="guid">055da3aafa91c31f3c3eeaa511a1cb64</act:parent>
</gnc:account>
<gnc:account version="2.0.0">
  <act:name>Sonstige</act:name>
  <act:id type="guid">2003c739a1791c30e3f472eecde1070e</act:id>
  <act:type>INCOME</act:type>
  <act:commodity>
    <cmdty:space>ISO4217</cmdty:space>
    <cmdty:id>EUR</cmdty:id>
  </act:commodity>
  <act:commodity-scu>100</act:commodity-scu>
  <act:description>Sonstige Zinsen</act:description>
  <act:parent type="guid">055da3aafa91c31f3c3eeaa511a1cb64</act:parent>
</gnc:account>
<gnc:account version="2.0.0">
  <act:name>Sparkonto</act:name>
  <act:id type="guid">07e3a34410d44000ae3fbb6bd47a5cda</act:id>
  <act:type>INCOME</act:type>
  <act:commodity>
    <cmdty:space>ISO4217</cmdty:space>
    <cmdty:id>EUR</cmdty:id>
  </act:commodity>
  <act:commodity-scu>100</act:commodity-scu>
  <act:description>Sparkonto Zinsen</act:description>
  <act:parent type="guid">055da3aafa91c31f3c3eeaa511a1cb64</act:parent>
</gnc:account>
<gnc:account version="2.0.0">
  <act:name>Aufwendungen</act:name>
  <act:id type="guid">e5293d87e94898ed8c2d45d253cfd32d</act:id>
  <act:type>EXPENSE</act:type>
  <act:commodity>
    <cmdty:space>ISO4217</cmdty:space>
    <cmdty:id>EUR</cmdty:id>
  </act:commodity>
  <act:commodity-scu>100</act:commodity-scu>
  <act:description>Aufwendungen</act:description>
  <act:slots>
    <slot>
      <slot:key>placeholder</slot:key>
      <slot:value type="string">true</slot:value>
    </slot>
  </act:slots>
  <act:parent type="guid">2b587216e3e57bcd203bc67405fb59b8</act:parent>
</gnc:account>
<gnc:account version="2.0.0">
  <act:name>Computer</act:name>
  <act:id type="guid">a38949d182b2260220b3fc8958bcbce1</act:id>
  <act:type>EXPENSE</act:type>
  <act:commodity>
    <cmdty:space>ISO4217</cmdty:space>
    <cmdty:id>EUR</cmdty:id>
  </act:commodity>
  <act:commodity-scu>100</act:commodity-scu>
  <act:description>Computer</act:description>
  <act:parent type="guid">e5293d87e94898ed8c2d45d253cfd32d</act:parent>
</gnc:account>
<gnc:account version="2.0.0">
  <act:name>Computer(GBP)</act:name>
  <act:id type="guid">77e0eae45626a774aaa15b790761097c</act:id>
  <act:type>EXPENSE</act:type>
  <act:commodity>
    <cmdty:space>ISO4217</cmdty:space>
    <cmdty:id>GBP</cmdty:id>
  </act:commodity>
  <act:commodity-scu>100</act:commodity-scu>
  <act:parent type="guid">a38949d182b2260220b3fc8958bcbce1</act:parent>
</gnc:account>
<gnc:account version="2.0.0">
  <act:name>Fahrtkosten</act:name>
  <act:id type="guid">3d6f7bcb692a3a32698e7c6e68582e7f</act:id>
  <act:type>EXPENSE</act:type>
  <act:commodity>
    <cmdty:space>ISO4217</cmdty:space>
    <cmdty:id>EUR</cmdty:id>
  </act:commodity>
  <act:commodity-scu>100</act:commodity-scu>
  <act:description>Fahrtkosten</act:description>
  <act:slots>
    <slot>
      <slot:key>placeholder</slot:key>
      <slot:value type="string">true</slot:value>
    </slot>
  </act:slots>
  <act:parent type="guid">e5293d87e94898ed8c2d45d253cfd32d</act:parent>
</gnc:account>
<gnc:account version="2.0.0">
  <act:name>Fahrkarten</act:name>
  <act:id type="guid">8ec32df89932930c3ede9509fea3b400</act:id>
  <act:type>EXPENSE</act:type>
  <act:commodity>
    <cmdty:space>ISO4217</cmdty:space>
    <cmdty:id>EUR</cmdty:id>
  </act:commodity>
  <act:commodity-scu>100</act:commodity-scu>
  <act:description>Fahrkarten Bus, Bahn, Flugzeug</act:description>
  <act:parent type="guid">3d6f7bcb692a3a32698e7c6e68582e7f</act:parent>
</gnc:account>
<gnc:account version="2.0.0">
  <act:name>Geschenke</act:name>
  <act:id type="guid">f34d5e5ca8418bdadec635d592b41868</act:id>
  <act:type>EXPENSE</act:type>
  <act:commodity>
    <cmdty:space>ISO4217</cmdty:space>
    <cmdty:id>EUR</cmdty:id>
  </act:commodity>
  <act:commodity-scu>100</act:commodity-scu>
  <act:description>Geschenke</act:description>
  <act:parent type="guid">e5293d87e94898ed8c2d45d253cfd32d</act:parent>
</gnc:account>
<gnc:account version="2.0.0">
  <act:name>Hobbies</act:name>
  <act:id type="guid">577ebaaa5f1a7d1224013f174a212c9a</act:id>
  <act:type>EXPENSE</act:type>
  <act:commodity>
    <cmdty:space>ISO4217</cmdty:space>
    <cmdty:id>EUR</cmdty:id>
  </act:commodity>
  <act:commodity-scu>100</act:commodity-scu>
  <act:description>Hobbies</act:description>
  <act:parent type="guid">e5293d87e94898ed8c2d45d253cfd32d</act:parent>
</gnc:account>
<gnc:account version="2.0.0">
  <act:name>Kleidung</act:name>
  <act:id type="guid">99ed1b36717585a06ca2dba661cd01b6</act:id>
  <act:type>EXPENSE</act:type>
  <act:commodity>
    <cmdty:space>ISO4217</cmdty:space>
    <cmdty:id>EUR</cmdty:id>
  </act:commodity>
  <act:commodity-scu>100</act:commodity-scu>
  <act:description>Kleidung</act:description>
  <act:parent type="guid">e5293d87e94898ed8c2d45d253cfd32d</act:parent>
</gnc:account>
<gnc:account version="2.0.0">
  <act:name>Lebensmittel</act:name>
  <act:id type="guid">947815356f6c76e794c3928b846d43b1</act:id>
  <act:type>EXPENSE</act:type>
  <act:commodity>
    <cmdty:space>ISO4217</cmdty:space>
    <cmdty:id>EUR</cmdty:id>
  </act:commodity>
  <act:commodity-scu>100</act:commodity-scu>
  <act:description>Lebensmittel</act:description>
  <act:parent type="guid">e5293d87e94898ed8c2d45d253cfd32d</act:parent>
</gnc:account>
<gnc:account version="2.0.0">
  <act:name>Medikamente</act:name>
  <act:id type="guid">d12365ea7ff8a47e017a21aaf0381f6e</act:id>
  <act:type>EXPENSE</act:type>
  <act:commodity>
    <cmdty:space>ISO4217</cmdty:space>
    <cmdty:id>EUR</cmdty:id>
  </act:commodity>
  <act:commodity-scu>100</act:commodity-scu>
  <act:description>Medikamente</act:description>
  <act:parent type="guid">e5293d87e94898ed8c2d45d253cfd32d</act:parent>
</gnc:account>
<gnc:account version="2.0.0">
  <act:name>Sonstiges</act:name>
  <act:id type="guid">d16acb6a1f9929ccad45ef07bc916e82</act:id>
  <act:type>EXPENSE</act:type>
  <act:commodity>
    <cmdty:space>ISO4217</cmdty:space>
    <cmdty:id>EUR</cmdty:id>
  </act:commodity>
  <act:commodity-scu>100</act:commodity-scu>
  <act:description>Sonstiges</act:description>
  <act:slots>
    <slot>
      <slot:key>placeholder</slot:key>
      <slot:value type="string">true</slot:value>
    </slot>
  </act:slots>
  <act:parent type="guid">e5293d87e94898ed8c2d45d253cfd32d</act:parent>
</gnc:account>
<gnc:account version="2.0.0">
  <act:name>Bankgebühren</act:name>
  <act:id type="guid">181aab28906e95c450df0c2676a7fc92</act:id>
  <act:type>EXPENSE</act:type>
  <act:commodity>
    <cmdty:space>ISO4217</cmdty:space>
    <cmdty:id>EUR</cmdty:id>
  </act:commodity>
  <act:commodity-scu>100</act:commodity-scu>
  <act:description>Konto- und Bankgebühren</act:description>
  <act:parent type="guid">d16acb6a1f9929ccad45ef07bc916e82</act:parent>
</gnc:account>
<gnc:account version="2.0.0">
  <act:name>Sonstiges</act:name>
  <act:id type="guid">bd79afce5b55ddbfbbfc035c188303b8</act:id>
  <act:type>EXPENSE</act:type>
  <act:commodity>
    <cmdty:space>ISO4217</cmdty:space>
    <cmdty:id>EUR</cmdty:id>
  </act:commodity>
  <act:commodity-scu>100</act:commodity-scu>
  <act:description>nicht aufgegliederte Ausgaben</act:description>
  <act:parent type="guid">d16acb6a1f9929ccad45ef07bc916e82</act:parent>
</gnc:account>
<gnc:account version="2.0.0">
  <act:name>Spenden</act:name>
  <act:id type="guid">274c431d3065ce242a4853f7df94dbff</act:id>
  <act:type>EXPENSE</act:type>
  <act:commodity>
    <cmdty:space>ISO4217</cmdty:space>
    <cmdty:id>EUR</cmdty:id>
  </act:commodity>
  <act:commodity-scu>100</act:commodity-scu>
  <act:description>Wohltätige Spenden</act:description>
  <act:parent type="guid">e5293d87e94898ed8c2d45d253cfd32d</act:parent>
</gnc:account>
<gnc:account version="2.0.0">
  <act:name>Steuern</act:name>
  <act:id type="guid">27a1e6d542bd580ccaf9181aab57ec4a</act:id>
  <act:type>EXPENSE</act:type>
  <act:commodity>
    <cmdty:space>ISO4217</cmdty:space>
    <cmdty:id>EUR</cmdty:id>
  </act:commodity>
  <act:commodity-scu>100</act:commodity-scu>
  <act:description>Steuern und Sozialabgaben</act:description>
  <act:slots>
    <slot>
      <slot:key>placeholder</slot:key>
      <slot:value type="string">true</slot:value>
    </slot>
  </act:slots>
  <act:parent type="guid">e5293d87e94898ed8c2d45d253cfd32d</act:parent>
</gnc:account>
<gnc:account version="2.0.0">
  <act:name>Einkommenssteuer</act:name>
  <act:id type="guid">dd3e542ae3fb47b0079cb327f4a74bb5</act:id>
  <act:type>EXPENSE</act:type>
  <act:commodity>
    <cmdty:space>ISO4217</cmdty:space>
    <cmdty:id>EUR</cmdty:id>
  </act:commodity>
  <act:commodity-scu>100</act:commodity-scu>
  <act:description>Einkommenssteuer</act:description>
  <act:parent type="guid">27a1e6d542bd580ccaf9181aab57ec4a</act:parent>
</gnc:account>
<gnc:account version="2.0.0">
  <act:name>Pflegeversicherung</act:name>
  <act:id type="guid">0b2e0ee7f34dde79dbf2e9d66df42d62</act:id>
  <act:type>EXPENSE</act:type>
  <act:commodity>
    <cmdty:space>ISO4217</cmdty:space>
    <cmdty:id>EUR</cmdty:id>
  </act:commodity>
  <act:commodity-scu>100</act:commodity-scu>
  <act:description>Pflegeversicherung</act:description>
  <act:parent type="guid">27a1e6d542bd580ccaf9181aab57ec4a</act:parent>
</gnc:account>
<gnc:account version="2.0.0">
  <act:name>Rentenversicherung</act:name>
  <act:id type="guid">96c286cfb78c145295623510ca31b1ea</act:id>
  <act:type>EXPENSE</act:type>
  <act:commodity>
    <cmdty:space>ISO4217</cmdty:space>
    <cmdty:id>EUR</cmdty:id>
  </act:commodity>
  <act:commodity-scu>100</act:commodity-scu>
  <act:description>Rentenversicherung</act:description>
  <act:parent type="guid">27a1e6d542bd580ccaf9181aab57ec4a</act:parent>
</gnc:account>
<gnc:account version="2.0.0">
  <act:name>Solidarzuschlag</act:name>
  <act:id type="guid">37fbd328c32e676331d2426c29b1af94</act:id>
  <act:type>EXPENSE</act:type>
  <act:commodity>
    <cmdty:space>ISO4217</cmdty:space>
    <cmdty:id>EUR</cmdty:id>
  </act:commodity>
  <act:commodity-scu>100</act:commodity-scu>
  <act:description>Solidarzuschlag</act:description>
  <act:parent type="guid">27a1e6d542bd580ccaf9181aab57ec4a</act:parent>
</gnc:account>
<gnc:account version="2.0.0">
  <act:name>Sonstige</act:name>
  <act:id type="guid">03964db8f14689db4fc2f3c8f69e2b4f</act:id>
  <act:type>EXPENSE</act:type>
  <act:commodity>
    <cmdty:space>ISO4217</cmdty:space>
    <cmdty:id>EUR</cmdty:id>
  </act:commodity>
  <act:commodity-scu>100</act:commodity-scu>
  <act:description>Sonstige Steuern</act:description>
  <act:parent type="guid">27a1e6d542bd580ccaf9181aab57ec4a</act:parent>
</gnc:account>
<gnc:account version="2.0.0">
  <act:name>Sozialabgaben</act:name>
  <act:id type="guid">c72550b5d067fd4939c78a6c09967137</act:id>
  <act:type>EXPENSE</act:type>
  <act:commodity>
    <cmdty:space>ISO4217</cmdty:space>
    <cmdty:id>EUR</cmdty:id>
  </act:commodity>
  <act:commodity-scu>100</act:commodity-scu>
  <act:description>Sonstige Sozialabgaben</act:description>
  <act:parent type="guid">27a1e6d542bd580ccaf9181aab57ec4a</act:parent>
</gnc:account>
<gnc:account version="2.0.0">
  <act:name>Telekommunikation</act:name>
  <act:id type="guid">c7c1a90b5f755bd5449fa38a4f872a4c</act:id>
  <act:type>EXPENSE</act:type>
  <act:commodity>
    <cmdty:space>ISO4217</cmdty:space>
    <cmdty:id>EUR</cmdty:id>
  </act:commodity>
  <act:commodity-scu>100</act:commodity-scu>
  <act:description>Telekommunikation</act:description>
  <act:slots>
    <slot>
      <slot:key>placeholder</slot:key>
      <slot:value type="string">true</slot:value>
    </slot>
  </act:slots>
  <act:parent type="guid">e5293d87e94898ed8c2d45d253cfd32d</act:parent>
</gnc:account>
<gnc:account version="2.0.0">
  <act:name>Fernsehen</act:name>
  <act:id type="guid">53216ac3e2f74a695ea01d67c8b03839</act:id>
  <act:type>EXPENSE</act:type>
  <act:commodity>
    <cmdty:space>ISO4217</cmdty:space>
    <cmdty:id>EUR</cmdty:id>
  </act:commodity>
  <act:commodity-scu>100</act:commodity-scu>
  <act:description>GEZ und Kabelfernsehen</act:description>
  <act:parent type="guid">c7c1a90b5f755bd5449fa38a4f872a4c</act:parent>
</gnc:account>
<gnc:account version="2.0.0">
  <act:name>Online-Dienste</act:name>
  <act:id type="guid">fd3b948ff83365f3d06a5a5a9f262e38</act:id>
  <act:type>EXPENSE</act:type>
  <act:commodity>
    <cmdty:space>ISO4217</cmdty:space>
    <cmdty:id>EUR</cmdty:id>
  </act:commodity>
  <act:commodity-scu>100</act:commodity-scu>
  <act:description>Online-Dienste</act:description>
  <act:parent type="guid">c7c1a90b5f755bd5449fa38a4f872a4c</act:parent>
</gnc:account>
<gnc:account version="2.0.0">
  <act:name>Telefon</act:name>
  <act:id type="guid">b84dac4b4c332c941f9313ffe7f7854c</act:id>
  <act:type>EXPENSE</act:type>
  <act:commodity>
    <cmdty:space>ISO4217</cmdty:space>
    <cmdty:id>EUR</cmdty:id>
  </act:commodity>
  <act:commodity-scu>100</act:commodity-scu>
  <act:description>Telefon</act:description>
  <act:parent type="guid">c7c1a90b5f755bd5449fa38a4f872a4c</act:parent>
</gnc:account>
<gnc:account version="2.0.0">
  <act:name>Unterhaltung</act:name>
  <act:id type="guid">0886285b715a583607271652a70eb413</act:id>
  <act:type>EXPENSE</act:type>
  <act:commodity>
    <cmdty:space>ISO4217</cmdty:space>
    <cmdty:id>EUR</cmdty:id>
  </act:commodity>
  <act:commodity-scu>100</act:commodity-scu>
  <act:description>Unterhaltung</act:description>
  <act:slots>
    <slot>
      <slot:key>placeholder</slot:key>
      <slot:value type="string">true</slot:value>
    </slot>
  </act:slots>
  <act:parent type="guid">e5293d87e94898ed8c2d45d253cfd32d</act:parent>
</gnc:account>
<gnc:account version="2.0.0">
  <act:name>Ausgehen</act:name>
  <act:id type="guid">e516d3b1d1b69317a1650819c3ae1f35</act:id>
  <act:type>EXPENSE</act:type>
  <act:commodity>
    <cmdty:space>ISO4217</cmdty:space>
    <cmdty:id>EUR</cmdty:id>
  </act:commodity>
  <act:commodity-scu>100</act:commodity-scu>
  <act:description>Auswärts Essen</act:description>
  <act:parent type="guid">0886285b715a583607271652a70eb413</act:parent>
</gnc:account>
<gnc:account version="2.0.0">
  <act:name>Musik/Kino</act:name>
  <act:id type="guid">0a1f5f7c5013dbf5d4647ea927193f8b</act:id>
  <act:type>EXPENSE</act:type>
  <act:commodity>
    <cmdty:space>ISO4217</cmdty:space>
    <cmdty:id>EUR</cmdty:id>
  </act:commodity>
  <act:commodity-scu>100</act:commodity-scu>
  <act:description>Musik/Kino</act:description>
  <act:parent type="guid">0886285b715a583607271652a70eb413</act:parent>
</gnc:account>
<gnc:account version="2.0.0">
  <act:name>Reisen</act:name>
  <act:id type="guid">c7a23d8e36a7067d89db883b9b952b31</act:id>
  <act:type>EXPENSE</act:type>
  <act:commodity>
    <cmdty:space>ISO4217</cmdty:space>
    <cmdty:id>EUR</cmdty:id>
  </act:commodity>
  <act:commodity-scu>100</act:commodity-scu>
  <act:description>Reisen</act:description>
  <act:parent type="guid">0886285b715a583607271652a70eb413</act:parent>
</gnc:account>
<gnc:account version="2.0.0">
  <act:name>Sport</act:name>
  <act:id type="guid">93ee581c6b4624135ccbcab01f74bbb7</act:id>
  <act:type>EXPENSE</act:type>
  <act:commodity>
    <cmdty:space>ISO4217</cmdty:space>
    <cmdty:id>EUR</cmdty:id>
  </act:commodity>
  <act:commodity-scu>100</act:commodity-scu>
  <act:description>Sport</act:description>
  <act:parent type="guid">0886285b715a583607271652a70eb413</act:parent>
</gnc:account>
<gnc:account version="2.0.0">
  <act:name>Versicherungen</act:name>
  <act:id type="guid">3285cdb9e318fd3aa5b6541c57256c5d</act:id>
  <act:type>EXPENSE</act:type>
  <act:commodity>
    <cmdty:space>ISO4217</cmdty:space>
    <cmdty:id>EUR</cmdty:id>
  </act:commodity>
  <act:commodity-scu>100</act:commodity-scu>
  <act:description>Versicherungen</act:description>
  <act:slots>
    <slot>
      <slot:key>placeholder</slot:key>
      <slot:value type="string">true</slot:value>
    </slot>
  </act:slots>
  <act:parent type="guid">e5293d87e94898ed8c2d45d253cfd32d</act:parent>
</gnc:account>
<gnc:account version="2.0.0">
  <act:name>Haftpflicht</act:name>
  <act:id type="guid">8c323d8e7b773326f55307d4f9bff204</act:id>
  <act:type>EXPENSE</act:type>
  <act:commodity>
    <cmdty:space>ISO4217</cmdty:space>
    <cmdty:id>EUR</cmdty:id>
  </act:commodity>
  <act:commodity-scu>100</act:commodity-scu>
  <act:description>Haftpflichtversicherung</act:description>
  <act:parent type="guid">3285cdb9e318fd3aa5b6541c57256c5d</act:parent>
</gnc:account>
<gnc:account version="2.0.0">
  <act:name>Krankenversicherung</act:name>
  <act:id type="guid">69eedd0e94aaf9f0dcc4bf7dfb1ffcd0</act:id>
  <act:type>EXPENSE</act:type>
  <act:commodity>
    <cmdty:space>ISO4217</cmdty:space>
    <cmdty:id>EUR</cmdty:id>
  </act:commodity>
  <act:commodity-scu>100</act:commodity-scu>
  <act:description>Krankenversicherung</act:description>
  <act:parent type="guid">3285cdb9e318fd3aa5b6541c57256c5d</act:parent>
</gnc:account>
<gnc:account version="2.0.0">
  <act:name>Wohnen</act:name>
  <act:id type="guid">9c9379159619966559c975a073e03069</act:id>
  <act:type>EXPENSE</act:type>
  <act:commodity>
    <cmdty:space>ISO4217</cmdty:space>
    <cmdty:id>EUR</cmdty:id>
  </act:commodity>
  <act:commodity-scu>100</act:commodity-scu>
  <act:description>Ausgaben für Wohnung/Haus</act:description>
  <act:slots>
    <slot>
      <slot:key>placeholder</slot:key>
      <slot:value type="string">true</slot:value>
    </slot>
  </act:slots>
  <act:parent type="guid">e5293d87e94898ed8c2d45d253cfd32d</act:parent>
</gnc:account>
<gnc:account version="2.0.0">
  <act:name>Miete</act:name>
  <act:id type="guid">c8da7eec07b3fd5792edd7e9c2aa21a3</act:id>
  <act:type>EXPENSE</act:type>
  <act:commodity>
    <cmdty:space>ISO4217</cmdty:space>
    <cmdty:id>EUR</cmdty:id>
  </act:commodity>
  <act:commodity-scu>100</act:commodity-scu>
  <act:description>Miete</act:description>
  <act:parent type="guid">9c9379159619966559c975a073e03069</act:parent>
</gnc:account>
<gnc:account version="2.0.0">
  <act:name>Nebenkosten</act:name>
  <act:id type="guid">8a137f443b6bec70a5909b75f686ec78</act:id>
  <act:type>EXPENSE</act:type>
  <act:commodity>
    <cmdty:space>ISO4217</cmdty:space>
    <cmdty:id>EUR</cmdty:id>
  </act:commodity>
  <act:commodity-scu>100</act:commodity-scu>
  <act:description>Wohnnebenkosten</act:description>
  <act:slots>
    <slot>
      <slot:key>placeholder</slot:key>
      <slot:value type="string">true</slot:value>
    </slot>
  </act:slots>
  <act:parent type="guid">9c9379159619966559c975a073e03069</act:parent>
</gnc:account>
<gnc:account version="2.0.0">
  <act:name>Abfall</act:name>
  <act:id type="guid">6bc55393197a45f1aa80e12f3a48451e</act:id>
  <act:type>EXPENSE</act:type>
  <act:commodity>
    <cmdty:space>ISO4217</cmdty:space>
    <cmdty:id>EUR</cmdty:id>
  </act:commodity>
  <act:commodity-scu>100</act:commodity-scu>
  <act:description>Abfallentsorgung</act:description>
  <act:parent type="guid">8a137f443b6bec70a5909b75f686ec78</act:parent>
</gnc:account>
<gnc:account version="2.0.0">
  <act:name>Gas</act:name>
  <act:id type="guid">f46271fa173af202b37a0b0d72ed617a</act:id>
  <act:type>EXPENSE</act:type>
  <act:commodity>
    <cmdty:space>ISO4217</cmdty:space>
    <cmdty:id>EUR</cmdty:id>
  </act:commodity>
  <act:commodity-scu>100</act:commodity-scu>
  <act:description>Gas</act:description>
  <act:parent type="guid">8a137f443b6bec70a5909b75f686ec78</act:parent>
</gnc:account>
<gnc:account version="2.0.0">
  <act:name>Strom</act:name>
  <act:id type="guid">dabc05a5e3576cbcad714a84f858c17e</act:id>
  <act:type>EXPENSE</act:type>
  <act:commodity>
    <cmdty:space>ISO4217</cmdty:space>
    <cmdty:id>EUR</cmdty:id>
  </act:commodity>
  <act:commodity-scu>100</act:commodity-scu>
  <act:description>Strom</act:description>
  <act:parent type="guid">8a137f443b6bec70a5909b75f686ec78</act:parent>
</gnc:account>
<gnc:account version="2.0.0">
  <act:name>Wasser</act:name>
  <act:id type="guid">dec15ce81cd995ec6aee506f6f32e7c3</act:id>
  <act:type>EXPENSE</act:type>
  <act:commodity>
    <cmdty:space>ISO4217</cmdty:space>
    <cmdty:id>EUR</cmdty:id>
  </act:commodity>
  <act:commodity-scu>100</act:commodity-scu>
  <act:description>Wasser</act:description>
  <act:parent type="guid">8a137f443b6bec70a5909b75f686ec78</act:parent>
</gnc:account>
<gnc:account version="2.0.0">
  <act:name>Bildung</act:name>
  <act:id type="guid">8226f5e9dfa7abe773b2423333d0e17e</act:id>
  <act:type>EXPENSE</act:type>
  <act:commodity>
    <cmdty:space>ISO4217</cmdty:space>
    <cmdty:id>EUR</cmdty:id>
  </act:commodity>
  <act:commodity-scu>100</act:commodity-scu>
  <act:description>Bildung</act:description>
  <act:slots>
    <slot>
      <slot:key>placeholder</slot:key>
      <slot:value type="string">true</slot:value>
    </slot>
  </act:slots>
  <act:parent type="guid">2b587216e3e57bcd203bc67405fb59b8</act:parent>
</gnc:account>
<gnc:account version="2.0.0">
  <act:name>Abonnements</act:name>
  <act:id type="guid">043c337a24e0ba7db924618914d499ba</act:id>
  <act:type>EXPENSE</act:type>
  <act:commodity>
    <cmdty:space>ISO4217</cmdty:space>
    <cmdty:id>EUR</cmdty:id>
  </act:commodity>
  <act:commodity-scu>100</act:commodity-scu>
  <act:description>Abonnements</act:description>
  <act:parent type="guid">8226f5e9dfa7abe773b2423333d0e17e</act:parent>
</gnc:account>
<gnc:account version="2.0.0">
  <act:name>Bücher</act:name>
  <act:id type="guid">003f65843c2a4afc40d0631d8940c59a</act:id>
  <act:type>EXPENSE</act:type>
  <act:commodity>
    <cmdty:space>ISO4217</cmdty:space>
    <cmdty:id>EUR</cmdty:id>
  </act:commodity>
  <act:commodity-scu>100</act:commodity-scu>
  <act:description>Bücher</act:description>
  <act:parent type="guid">8226f5e9dfa7abe773b2423333d0e17e</act:parent>
</gnc:account>
<gnc:account version="2.0.0">
  <act:name>Büroartikel</act:name>
  <act:id type="guid">aba19f2ff3c5d8a3dce6f74701ee83aa</act:id>
  <act:type>EXPENSE</act:type>
  <act:commodity>
    <cmdty:space>ISO4217</cmdty:space>
    <cmdty:id>EUR</cmdty:id>
  </act:commodity>
  <act:commodity-scu>100</act:commodity-scu>
  <act:description>Büroartikel</act:description>
  <act:parent type="guid">8226f5e9dfa7abe773b2423333d0e17e</act:parent>
</gnc:account>
<gnc:account version="2.0.0">
  <act:name>Zeitungen</act:name>
  <act:id type="guid">c2d942ea7a2b6029c06cb1faf35c214c</act:id>
  <act:type>EXPENSE</act:type>
  <act:commodity>
    <cmdty:space>ISO4217</cmdty:space>
    <cmdty:id>EUR</cmdty:id>
  </act:commodity>
  <act:commodity-scu>100</act:commodity-scu>
  <act:description>Zeitungen</act:description>
  <act:parent type="guid">8226f5e9dfa7abe773b2423333d0e17e</act:parent>
</gnc:account>
<gnc:account version="2.0.0">
  <act:name>Anfangsbestand</act:name>
  <act:id type="guid">96e9473a32cc951640603fe85b093c0a</act:id>
  <act:type>EQUITY</act:type>
  <act:commodity>
    <cmdty:space>ISO4217</cmdty:space>
    <cmdty:id>EUR</cmdty:id>
  </act:commodity>
  <act:commodity-scu>100</act:commodity-scu>
  <act:description>Anfangsbestand</act:description>
  <act:parent type="guid">2b587216e3e57bcd203bc67405fb59b8</act:parent>
</gnc:account>
<gnc:account version="2.0.0">
  <act:name>Ausgleichskonto-GBP</act:name>
  <act:id type="guid">b704f9d222089983ef697c32d26a2a48</act:id>
  <act:type>BANK</act:type>
  <act:commodity>
    <cmdty:space>ISO4217</cmdty:space>
    <cmdty:id>GBP</cmdty:id>
  </act:commodity>
  <act:commodity-scu>100</act:commodity-scu>
  <act:parent type="guid">2b587216e3e57bcd203bc67405fb59b8</act:parent>
</gnc:account>
<gnc:transaction version="2.0.0">
  <trn:id type="guid">5d075839b76b3532c67923b3f064de35</trn:id>
  <trn:currency>
    <cmdty:space>ISO4217</cmdty:space>
    <cmdty:id>GBP</cmdty:id>
  </trn:currency>
  <trn:date-posted>
    <ts:date>2008-12-04 00:00:00 +0100</ts:date>
  </trn:date-posted>
  <trn:date-entered>
    <ts:date>2008-12-04 06:15:52 +0100</ts:date>
  </trn:date-entered>
  <trn:description>GBP-GBP</trn:description>
  <trn:splits>
    <trn:split>
      <split:id type="guid">61047331710f80044701773e675ddec5</split:id>
      <split:reconciled-state>n</split:reconciled-state>
      <split:value>1000/100</split:value>
      <split:quantity>1000/100</split:quantity>
      <split:account type="guid">77e0eae45626a774aaa15b790761097c</split:account>
    </trn:split>
    <trn:split>
      <split:id type="guid">95061344a2f2ea6761f4ce0a32bc4e3c</split:id>
      <split:reconciled-state>n</split:reconciled-state>
      <split:value>-1000/100</split:value>
      <split:quantity>-1000/100</split:quantity>
      <split:account type="guid">cf41953674eb5bda0e1d9cb9038727ca</split:account>
    </trn:split>
  </trn:splits>
</gnc:transaction>
<gnc:transaction version="2.0.0">
  <trn:id type="guid">825db015b15858733abcc81ad9b5cd1c</trn:id>
  <trn:currency>
    <cmdty:space>ISO4217</cmdty:space>
    <cmdty:id>EUR</cmdty:id>
  </trn:currency>
  <trn:date-posted>
    <ts:date>2008-12-04 00:00:00 +0100</ts:date>
  </trn:date-posted>
  <trn:date-entered>
    <ts:date>2008-12-04 06:25:08 +0100</ts:date>
  </trn:date-entered>
  <trn:description>GBP-TEST</trn:description>
  <trn:splits>
    <trn:split>
      <split:id type="guid">1267cfe47ea435b3440070a7ef1dfe9f</split:id>
      <split:action>Kauf</split:action>
      <split:reconciled-state>n</split:reconciled-state>
      <split:value>7500/100</split:value>
      <split:quantity>500000/10000</split:quantity>
      <split:account type="guid">173dfd0038e1b5b01591d0d51f88e08f</split:account>
    </trn:split>
    <trn:split>
      <split:id type="guid">ec1add06977a27dda2f3babf47261f61</split:id>
      <split:reconciled-state>n</split:reconciled-state>
      <split:value>-7500/100</split:value>
      <split:quantity>0/100</split:quantity>
      <split:account type="guid">cf41953674eb5bda0e1d9cb9038727ca</split:account>
    </trn:split>
  </trn:splits>
</gnc:transaction>
<gnc:transaction version="2.0.0">
  <trn:id type="guid">c17610667eac7bacd6b4352d08faaa84</trn:id>
  <trn:currency>
    <cmdty:space>ISO4217</cmdty:space>
    <cmdty:id>EUR</cmdty:id>
  </trn:currency>
  <trn:date-posted>
    <ts:date>2007-12-01 00:00:00 +0100</ts:date>
  </trn:date-posted>
  <trn:date-entered>
    <ts:date>2008-12-02 06:12:15 +0100</ts:date>
  </trn:date-entered>
  <trn:description>another transaction in 2007</trn:description>
  <trn:splits>
    <trn:split>
      <split:id type="guid">c2203efa3bad2129f41ff96cce5c2bd2</split:id>
      <split:reconciled-state>n</split:reconciled-state>
      <split:value>10000/100</split:value>
      <split:quantity>10000/100</split:quantity>
      <split:account type="guid">d154dfe00c75efd923bf49af2c5e53e9</split:account>
    </trn:split>
    <trn:split>
      <split:id type="guid">8ed8ac855b5f4a0806b3f0050e563069</split:id>
      <split:reconciled-state>n</split:reconciled-state>
      <split:value>-10000/100</split:value>
      <split:quantity>-10000/100</split:quantity>
      <split:account type="guid">67701f9211f2501ec3764afa6350f505</split:account>
    </trn:split>
  </trn:splits>
</gnc:transaction>
<gnc:transaction version="2.0.0">
  <trn:id type="guid">eabfb3a82988a3d310675ef1d64236dd</trn:id>
  <trn:currency>
    <cmdty:space>ISO4217</cmdty:space>
    <cmdty:id>EUR</cmdty:id>
  </trn:currency>
  <trn:date-posted>
    <ts:date>2007-12-02 00:00:00 +0100</ts:date>
  </trn:date-posted>
  <trn:date-entered>
    <ts:date>2008-12-02 06:11:52 +0100</ts:date>
  </trn:date-entered>
  <trn:description>transaction in 2007</trn:description>
  <trn:splits>
    <trn:split>
      <split:id type="guid">918960a3901efcabc7c364de3abd6cc1</split:id>
      <split:reconciled-state>n</split:reconciled-state>
      <split:value>5000/100</split:value>
      <split:quantity>5000/100</split:quantity>
      <split:account type="guid">99ed1b36717585a06ca2dba661cd01b6</split:account>
    </trn:split>
    <trn:split>
      <split:id type="guid">303868f4c735dcc2f7f0ef8dac194b73</split:id>
      <split:reconciled-state>n</split:reconciled-state>
      <split:value>-5000/100</split:value>
      <split:quantity>-5000/100</split:quantity>
      <split:account type="guid">d154dfe00c75efd923bf49af2c5e53e9</split:account>
    </trn:split>
  </trn:splits>
</gnc:transaction>
<gnc:transaction version="2.0.0">
  <trn:id type="guid">213d19e2ea2fda4ec7f2bef70e4c211f</trn:id>
  <trn:currency>
    <cmdty:space>ISO4217</cmdty:space>
    <cmdty:id>EUR</cmdty:id>
  </trn:currency>
  <trn:date-posted>
    <ts:date>2007-12-04 00:00:00 +0100</ts:date>
  </trn:date-posted>
  <trn:date-entered>
    <ts:date>2008-12-04 06:24:25 +0100</ts:date>
  </trn:date-entered>
  <trn:description>EUR-TEST</trn:description>
  <trn:splits>
    <trn:split>
      <split:id type="guid">b922d982a4775ef7feb3ae1412e2a662</split:id>
      <split:action>Kauf</split:action>
      <split:reconciled-state>n</split:reconciled-state>
      <split:value>12500/100</split:value>
      <split:quantity>1000000/10000</split:quantity>
      <split:account type="guid">173dfd0038e1b5b01591d0d51f88e08f</split:account>
    </trn:split>
    <trn:split>
      <split:id type="guid">6cbe9120d667fcca56ae7e9aae38a884</split:id>
      <split:reconciled-state>n</split:reconciled-state>
      <split:value>-12500/100</split:value>
      <split:quantity>-12500/100</split:quantity>
      <split:account type="guid">d154dfe00c75efd923bf49af2c5e53e9</split:account>
    </trn:split>
  </trn:splits>
</gnc:transaction>
<gnc:transaction version="2.0.0">
  <trn:id type="guid">0610acaeebf87306282c292fccc0e956</trn:id>
  <trn:currency>
    <cmdty:space>ISO4217</cmdty:space>
    <cmdty:id>EUR</cmdty:id>
  </trn:currency>
  <trn:date-posted>
    <ts:date>2007-12-04 00:00:00 +0100</ts:date>
  </trn:date-posted>
  <trn:date-entered>
    <ts:date>2008-12-04 06:24:45 +0100</ts:date>
  </trn:date-entered>
  <trn:description>TEST-EUR</trn:description>
  <trn:splits>
    <trn:split>
      <split:id type="guid">b94ffff81ce9f5165dd7b4e318c23099</split:id>
      <split:reconciled-state>n</split:reconciled-state>
      <split:value>15200/100</split:value>
      <split:quantity>15200/100</split:quantity>
      <split:account type="guid">d154dfe00c75efd923bf49af2c5e53e9</split:account>
    </trn:split>
    <trn:split>
      <split:id type="guid">dff4c2640250a17a3ad813ce6aa17102</split:id>
      <split:action>Verkauf</split:action>
      <split:reconciled-state>n</split:reconciled-state>
      <split:value>-15200/100</split:value>
      <split:quantity>-500000/10000</split:quantity>
      <split:account type="guid">173dfd0038e1b5b01591d0d51f88e08f</split:account>
    </trn:split>
  </trn:splits>
</gnc:transaction>
<gnc:transaction version="2.0.0">
  <trn:id type="guid">8a09f03bf5d36a9964ac997d3b81fd15</trn:id>
  <trn:currency>
    <cmdty:space>ISO4217</cmdty:space>
    <cmdty:id>EUR</cmdty:id>
  </trn:currency>
  <trn:date-posted>
    <ts:date>2008-03-02 00:00:00 +0100</ts:date>
  </trn:date-posted>
  <trn:date-entered>
    <ts:date>2008-12-02 06:12:39 +0100</ts:date>
  </trn:date-entered>
  <trn:description>transaction in 2008</trn:description>
  <trn:splits>
    <trn:split>
      <split:id type="guid">0077ca2149bc1635ee2bf4964fe4edde</split:id>
      <split:reconciled-state>n</split:reconciled-state>
      <split:value>2500/100</split:value>
      <split:quantity>2500/100</split:quantity>
      <split:account type="guid">c8da7eec07b3fd5792edd7e9c2aa21a3</split:account>
    </trn:split>
    <trn:split>
      <split:id type="guid">881375cc9a59538c8d02820278058e3c</split:id>
      <split:reconciled-state>n</split:reconciled-state>
      <split:value>-2500/100</split:value>
      <split:quantity>-2500/100</split:quantity>
      <split:account type="guid">d154dfe00c75efd923bf49af2c5e53e9</split:account>
    </trn:split>
  </trn:splits>
</gnc:transaction>
<gnc:template-transactions>
<gnc:account version="2.0.0">
  <act:name/>
  <act:id type="guid">583c3ae078aef51fa6afc65fc8633a87</act:id>
  <act:type>ROOT</act:type>
  <act:commodity-scu>0</act:commodity-scu>
</gnc:account>
<gnc:account version="2.0.0">
  <act:name>4ee016f586ff3e009fa5c72a0cf7f230</act:name>
  <act:id type="guid">3e7a76629ccddf8c9b2fcbdd9647a7de</act:id>
  <act:type>BANK</act:type>
  <act:commodity>
    <cmdty:space>template</cmdty:space>
    <cmdty:id>template</cmdty:id>
  </act:commodity>
  <act:commodity-scu>1</act:commodity-scu>
  <act:parent type="guid">583c3ae078aef51fa6afc65fc8633a87</act:parent>
</gnc:account>
<gnc:account version="2.0.0">
  <act:name>60fa88c002ca480cb05713b392b64f3b</act:name>
  <act:id type="guid">b33fe89ec400f5a87d1298361a7694b3</act:id>
  <act:type>BANK</act:type>
  <act:commodity>
    <cmdty:space>template</cmdty:space>
    <cmdty:id>template</cmdty:id>
  </act:commodity>
  <act:commodity-scu>1</act:commodity-scu>
  <act:parent type="guid">583c3ae078aef51fa6afc65fc8633a87</act:parent>
</gnc:account>
<gnc:transaction version="2.0.0">
  <trn:id type="guid">6680f4ec7f04bb778ef63f0c4c8f468d</trn:id>
  <trn:currency>
    <cmdty:space>ISO4217</cmdty:space>
    <cmdty:id>EUR</cmdty:id>
  </trn:currency>
  <trn:num>yyy</trn:num>
  <trn:date-posted>
    <ts:date>2008-12-14 00:00:00 +0100</ts:date>
  </trn:date-posted>
  <trn:date-entered>
    <ts:date>2008-12-14 18:38:54 +0100</ts:date>
  </trn:date-entered>
  <trn:description>cccXX</trn:description>
  <trn:splits>
    <trn:split>
      <split:id type="guid">59c3b43903d7b7c3b2e2874f88178172</split:id>
      <split:memo>test terminated transaction 1</split:memo>
      <split:reconciled-state>n</split:reconciled-state>
      <split:value>0/100</split:value>
      <split:quantity>0/1</split:quantity>
      <split:account type="guid">3e7a76629ccddf8c9b2fcbdd9647a7de</split:account>
      <split:slots>
        <slot>
          <slot:key>sched-xaction</slot:key>
          <slot:value type="frame">
            <slot>
              <slot:key>credit-formula</slot:key>
              <slot:value type="string">1</slot:value>
            </slot>
            <slot>
              <slot:key>account</slot:key>
              <slot:value type="guid">d154dfe00c75efd923bf49af2c5e53e9</slot:value>
            </slot>
            <slot>
              <slot:key>debit-formula</slot:key>
              <slot:value type="string"></slot:value>
            </slot>
          </slot:value>
        </slot>
      </split:slots>
    </trn:split>
    <trn:split>
      <split:id type="guid">2459846d714b7801250ffa1ecbde29a1</split:id>
      <split:memo>test terminated transaction 1.1</split:memo>
      <split:reconciled-state>n</split:reconciled-state>
      <split:value>0/100</split:value>
      <split:quantity>0/1</split:quantity>
      <split:account type="guid">3e7a76629ccddf8c9b2fcbdd9647a7de</split:account>
      <split:slots>
        <slot>
          <slot:key>sched-xaction</slot:key>
          <slot:value type="frame">
            <slot>
              <slot:key>credit-formula</slot:key>
              <slot:value type="string"></slot:value>
            </slot>
            <slot>
              <slot:key>account</slot:key>
              <slot:value type="guid">a3a942b4d71613843f9edd869e658e3d</slot:value>
            </slot>
            <slot>
              <slot:key>debit-formula</slot:key>
              <slot:value type="string">1</slot:value>
            </slot>
          </slot:value>
        </slot>
      </split:slots>
    </trn:split>
  </trn:splits>
</gnc:transaction>
<gnc:transaction version="2.0.0">
  <trn:id type="guid">240bc55884718352b66c0deb6e38622f</trn:id>
  <trn:currency>
    <cmdty:space>ISO4217</cmdty:space>
    <cmdty:id>EUR</cmdty:id>
  </trn:currency>
  <trn:num>zzz</trn:num>
  <trn:date-posted>
    <ts:date>2008-12-14 00:00:00 +0100</ts:date>
  </trn:date-posted>
  <trn:date-entered>
    <ts:date>2008-12-14 18:40:05 +0100</ts:date>
  </trn:date-entered>
  <trn:description>bbbXX</trn:description>
  <trn:splits>
    <trn:split>
      <split:id type="guid">4eb9d164964448588fec18ef5f174832</split:id>
      <split:memo>test terminated transaction 1.2</split:memo>
      <split:reconciled-state>n</split:reconciled-state>
      <split:value>0/100</split:value>
      <split:quantity>0/1</split:quantity>
      <split:account type="guid">3e7a76629ccddf8c9b2fcbdd9647a7de</split:account>
      <split:slots>
        <slot>
          <slot:key>sched-xaction</slot:key>
          <slot:value type="frame">
            <slot>
              <slot:key>credit-formula</slot:key>
              <slot:value type="string"></slot:value>
            </slot>
            <slot>
              <slot:key>account</slot:key>
              <slot:value type="guid">1d7802bbaceb9e73fab0bfe487ff102c</slot:value>
            </slot>
            <slot>
              <slot:key>debit-formula</slot:key>
              <slot:value type="string">2</slot:value>
            </slot>
          </slot:value>
        </slot>
      </split:slots>
    </trn:split>
    <trn:split>
      <split:id type="guid">417e5a91d46c090204eebac5fdb0bb5a</split:id>
      <split:memo>test terminated transaction 1.3</split:memo>
      <split:reconciled-state>n</split:reconciled-state>
      <split:value>0/100</split:value>
      <split:quantity>0/1</split:quantity>
      <split:account type="guid">3e7a76629ccddf8c9b2fcbdd9647a7de</split:account>
      <split:slots>
        <slot>
          <slot:key>sched-xaction</slot:key>
          <slot:value type="frame">
            <slot>
              <slot:key>credit-formula</slot:key>
              <slot:value type="string">2</slot:value>
            </slot>
            <slot>
              <slot:key>account</slot:key>
              <slot:value type="guid">a38949d182b2260220b3fc8958bcbce1</slot:value>
            </slot>
            <slot>
              <slot:key>debit-formula</slot:key>
              <slot:value type="string"></slot:value>
            </slot>
          </slot:value>
        </slot>
      </split:slots>
    </trn:split>
  </trn:splits>
</gnc:transaction>
<gnc:transaction version="2.0.0">
  <trn:id type="guid">8b2cdb0fe18cd08b84af9e42a493fdc9</trn:id>
  <trn:currency>
    <cmdty:space>ISO4217</cmdty:space>
    <cmdty:id>EUR</cmdty:id>
  </trn:currency>
  <trn:num>test2</trn:num>
  <trn:date-posted>
    <ts:date>2008-12-14 00:00:00 +0100</ts:date>
  </trn:date-posted>
  <trn:date-entered>
    <ts:date>2008-12-14 18:42:24 +0100</ts:date>
  </trn:date-entered>
  <trn:description>test terminated transaction 2</trn:description>
  <trn:splits>
    <trn:split>
      <split:id type="guid">e6af741d19eee153836b058a395808a0</split:id>
      <split:memo>aaa</split:memo>
      <split:reconciled-state>n</split:reconciled-state>
      <split:value>0/100</split:value>
      <split:quantity>0/1</split:quantity>
      <split:account type="guid">b33fe89ec400f5a87d1298361a7694b3</split:account>
      <split:slots>
        <slot>
          <slot:key>sched-xaction</slot:key>
          <slot:value type="frame">
            <slot>
              <slot:key>credit-formula</slot:key>
              <slot:value type="string"></slot:value>
            </slot>
            <slot>
              <slot:key>debit-formula</slot:key>
              <slot:value type="string">3</slot:value>
            </slot>
            <slot>
              <slot:key>account</slot:key>
              <slot:value type="guid">d154dfe00c75efd923bf49af2c5e53e9</slot:value>
            </slot>
          </slot:value>
        </slot>
      </split:slots>
    </trn:split>
    <trn:split>
      <split:id type="guid">2b0d6db1814564be28a028afb612724c</split:id>
      <split:memo>bbb</split:memo>
      <split:reconciled-state>n</split:reconciled-state>
      <split:value>0/100</split:value>
      <split:quantity>0/1</split:quantity>
      <split:account type="guid">b33fe89ec400f5a87d1298361a7694b3</split:account>
      <split:slots>
        <slot>
          <slot:key>sched-xaction</slot:key>
          <slot:value type="frame">
            <slot>
              <slot:key>credit-formula</slot:key>
              <slot:value type="string">2</slot:value>
            </slot>
            <slot>
              <slot:key>account</slot:key>
              <slot:value type="guid">003f65843c2a4afc40d0631d8940c59a</slot:value>
            </slot>
            <slot>
              <slot:key>debit-formula</slot:key>
              <slot:value type="string"></slot:value>
            </slot>
          </slot:value>
        </slot>
      </split:slots>
    </trn:split>
    <trn:split>
      <split:id type="guid">2fb509a44cba1c323ff0ab12277020c7</split:id>
      <split:memo>ccc</split:memo>
      <split:reconciled-state>n</split:reconciled-state>
      <split:value>0/100</split:value>
      <split:quantity>0/1</split:quantity>
      <split:account type="guid">b33fe89ec400f5a87d1298361a7694b3</split:account>
      <split:slots>
        <slot>
          <slot:key>sched-xaction</slot:key>
          <slot:value type="frame">
            <slot>
              <slot:key>credit-formula</slot:key>
              <slot:value type="string">1,1</slot:value>
            </slot>
            <slot>
              <slot:key>debit-formula</slot:key>
              <slot:value type="string"></slot:value>
            </slot>
            <slot>
              <slot:key>account</slot:key>
              <slot:value type="guid">b704f9d222089983ef697c32d26a2a48</slot:value>
            </slot>
          </slot:value>
        </slot>
      </split:slots>
    </trn:split>
  </trn:splits>
</gnc:transaction>
</gnc:template-transactions>
<gnc:schedxaction version="2.0.0">
  <sx:id type="guid">4ee016f586ff3e009fa5c72a0cf7f230</sx:id>
  <sx:name>test terminated transaction</sx:name>
  <sx:enabled>n</sx:enabled>
  <sx:autoCreate>y</sx:autoCreate>
  <sx:autoCreateNotify>y</sx:autoCreateNotify>
  <sx:advanceCreateDays>3</sx:advanceCreateDays>
  <sx:advanceRemindDays>1</sx:advanceRemindDays>
  <sx:instanceCount>1</sx:instanceCount>
  <sx:start>
    <gdate>2008-12-19</gdate>
  </sx:start>
  <sx:num-occur>2</sx:num-occur>
  <sx:rem-occur>1</sx:rem-occur>
  <sx:templ-acct type="guid">3e7a76629ccddf8c9b2fcbdd9647a7de</sx:templ-acct>
  <sx:schedule>
    <gnc:recurrence version="1.0.0">
      <recurrence:mult>1</recurrence:mult>
      <recurrence:period_type>day</recurrence:period_type>
      <recurrence:start>
        <gdate>2008-12-19</gdate>
      </recurrence:start>
    </gnc:recurrence>
  </sx:schedule>
</gnc:schedxaction>
<gnc:schedxaction version="2.0.0">
  <sx:id type="guid">60fa88c002ca480cb05713b392b64f3b</sx:id>
  <sx:name>test terminated transactions 2</sx:name>
  <sx:enabled>y</sx:enabled>
  <sx:autoCreate>n</sx:autoCreate>
  <sx:autoCreateNotify>n</sx:autoCreateNotify>
  <sx:advanceCreateDays>1</sx:advanceCreateDays>
  <sx:advanceRemindDays>0</sx:advanceRemindDays>
  <sx:instanceCount>1</sx:instanceCount>
  <sx:start>
    <gdate>2008-12-01</gdate>
  </sx:start>
  <sx:end>
    <gdate>2008-12-31</gdate>
  </sx:end>
  <sx:templ-acct type="guid">b33fe89ec400f5a87d1298361a7694b3</sx:templ-acct>
  <sx:schedule>
    <gnc:recurrence version="1.0.0">
      <recurrence:mult>2</recurrence:mult>
      <recurrence:period_type>month</recurrence:period_type>
      <recurrence:start>
        <gdate>2008-12-01</gdate>
      </recurrence:start>
    </gnc:recurrence>
    <gnc:recurrence version="1.0.0">
      <recurrence:mult>2</recurrence:mult>
      <recurrence:period_type>month</recurrence:period_type>
      <recurrence:start>
        <gdate>2008-12-02</gdate>
      </recurrence:start>
    </gnc:recurrence>
  </sx:schedule>
</gnc:schedxaction>
</gnc:book>
</gnc-v2>

<!-- Local variables: -->
<!-- mode: xml        -->
<!-- End:             -->
